@STRING{CVPR = {Conference on Computer Vision and Pattern Recognition (CVPR)}}
@STRING{ACMM = {ACM on Conference on Multimedia (MM)}}
@STRING{ICMI = {ACM on Inter. Conference on Multimodal Interaction (ICMI)}}

@STRING{ICCV = {Inter. Conference on Computer Vision (ICCV)}}
@STRING{ICCVW = {ICCV Workshop}}
@STRING{ECCV = {European Conference on Computer Vision (ECCV)}}
@STRING{ACCV = {Asian Conference on Computer Vision (ACCV)}}
@STRING{ICCP = {Inter. Conference on Computational Photography (ICCP)}}
@STRING{CVPRW = {CVPR Workshop}}

@STRING{BMVC = {British Machine Vision Conference (BMVC)}}

@STRING{AAAI = {Conference on Artificial Intelligence (AAAI)}}
@STRING{NIPS = {Advances in Neural Information Processing Systems (NIPS)}}
@STRING{NIPSW = {Advances in Neural Information Processing Systems (NIPS) Workshop}}


@STRING{FG = {Conference on Automatic Face and Gesture Recognition (FG)}}
@STRING{FGC = {FG Challenge on RFIW}}

@STRING{TMIS = {ACM Trans. on Management Information Systems (TMIS)}}

@STRING{IJCAI = {Inter. Joint Conferences on AI (IJCAI)}}
@STRING{ICIP = {Inter. Conference on Image Processing (ICIP)}}
@STRING{IJCV = {Inter. Journal of Computer Vision (IJCV)}}
@STRING{TIP = {Trans. on Image Processing (TIP)}}
@STRING{TVCG = {Trans. on Visualization and Computer Graphics (TVCG)}}
@STRING{PAMI = {Trans. on Pattern Analysis and Machine Intelligence (TPAMI)}}

@STRING{ICML = {Inter. Conference on Machine Learning (ICML)}}
@STRING{ICLR = {Inter. Conference on Learning Representations (ICLR)}}

@STRING{MIPR = {Conference on Multimedia Information Processing and Retrieval (MIPR)}}
@STRING{SIG = {ACM SIGGRAPH}}
@STRING{SIGA = {ACM SIGGRAPH Asia}}
@STRING{SIGKDD = {ACM Special Interest Group on Data Mining and Knowledge Discovery (SIGKDD)}}

@STRING{TOG = {ACM Trans. on Graphics (TOG)}}
@STRING{EGSR = {Eurographics Symposium on Rendering (EGSR)}}
@STRING{ACMFAT = {Proceedings of the Conference on Fairness, Accountability, and Transparency(ACM FAT*)}}

@STRING{IJCB = {Inter. Joint Conference on Biometrics (IJCB)}}

@STRING{RFIW = {ACM MM RFIW Workshop}}

@article{robinson2018visual,
  title={Visual kinship recognition of families in the wild},
  author={Robinson, Joseph P and Shao, Ming and Wu, Yue and Liu, Hongfu and Gillis, Tim and Fu, Yun},
  journal={IEEE Trans. on Pattern Analysis and Machine Intelligence},
  year={2018},
}


@inproceedings{shao2012low,
  title={Low-rank transfer subspace learning},
  author={Shao, Ming and Castillo, Carlos and Gu, Zhenghong and Fu, Yun},
  booktitle={2012 IEEE 12th International Conference on Data Mining},
  pages={1104--1109},
  year={2012},
  organization={IEEE}
}

@inproceedings{robinson2019laplace,
  title={Laplace landmark localization},
  author={Robinson, Joseph P and Li, Yuncheng and Zhang, Ning and Fu, Yun and Tulyakov, Sergey},
  booktitle=ICCV,
  year={2019}
}
   
@InProceedings{wu2018kinship,
          title =  {Kinship classification through latent adaptive subspace},
          author = {Wu, Yue and Ding, Zhengming and Liu, Hongfu and Robinson, Joseph and Fu, Yun},
          booktitle =   {Conference on Automatic Face and Gesture Recognition},
          year =        {2018},
        organization={IEEE}

          }
   

@article{wang2019ev,
  title={EV-Action: Electromyography-Vision Multi-Modal Action Dataset},
  author={Wang, Lichen and Sun, Bin and Robinson, Joseph and Jing, Taotao and Fu, Yun},
  journal={arXiv preprint arXiv:1904.12602},
  year={2019}
}
@inproceedings{robinson2016pre,
  title={Pre-trained D-CNN models for detecting complex events in unconstrained videos},
  author={Robinson, Joseph P and Fu, Yun},
  booktitle={Sensing and Analysis Technologies for Biomedical and Cognitive Applications 2016},
  year={2016},
  organization={Inter. Society for Optics and Photonics}
}

@inproceedings{best2014unconstrained,
  title={Unconstrained face recognition: Establishing baseline human performance via crowdsourcing},
  author={Best-Rowden, Lacey and Bisht, Shiwani and Klontz, Joshua C and Jain, Anil K},
  booktitle={Inter. Journal of Computational Methods (IJCM)},
  year={2014},
  organization={IEEE}
}
@inproceedings{wang2017kinship,
  title={Kinship Verification on Families in the Wild with Marginalized Denoising Metric Learning},
  author={Wang, Shuyang and Robinson, Joseph P and Fu, Yun},
  booktitle=FG,
  year={2017},
  }

@inproceedings{KinNet,
	title={KinNet: Fine-to-Coarse Deep Metric Learning for Kinship Verification},
	  author={Li, Yong and Zeng, Jiabei and Zhang, Jie and Dai, Anbo and Kan, Meina and Shan, Shiguang and Chen, Xilin},
    booktitle=RFIW,
  year={2017}
}

@inproceedings{AdvNet,
	title={AdvNet: Adversarial Contrastive Residual Net for 1 Million Kinship Recognition},
	  author={Duan, Qingyan and Zhang, Lei},
    booktitle=RFIW,
  year={2017}
}



@inproceedings{robinson2017recognizing,
  title={Recognizing Families In the Wild (RFIW)},
  author={Robinson, Joseph P and Shao, Ming and Zhao, Handong and Wu, Yue and Gillis, Timothy and Fu, Yun},
    booktitle=RFIW,
  year={2017}
}

@InProceedings{jiwen2012cvpr,
  title = {Neighborhood Repulsed Metric Learning for Kinship Verification},
  author = {Lu, Jiwen and Hu, Junlin and Zhou, Xiuzhuang and Shang, Yuanyuan and Tan, Yap-Peng and Wang, Gang},
  booktitle = CVPR,
  year = {2012}
}


@inproceedings{finkel2005incorporating,
  title={Incorporating non-local information into information extraction systems by gibbs sampling},
  author={Finkel, Jenny Rose and Grenager, Trond and Manning, Christopher},
  booktitle={Proceedings of the 43rd annual meeting on association for computational linguistics},
  year={2005},
  organization={Association for Computational Linguistics}
}
@inproceedings{he2016deep,
  title={Deep residual learning for image recognition},
  author={He, Kaiming and Zhang, Xiangyu and Ren, Shaoqing and Sun, Jian},
  booktitle=CVPR,
  year={2016}
}
@article{ioffe2015batch,
	title={Batch normalization: Accelerating deep network training by reducing internal covariate shift},
	author={Ioffe, Sergey and Szegedy, Christian},
	journal={arXiv preprint arXiv:1502.03167},
	year={2015}
}
@inproceedings{duan2015neighbors,
 author={Duan, Xiaodong and Tan, Zheng Hua},
  title={Neighbors Based Discriminative Feature Difference Learning for Kinship Verification},
  booktitle={Inter. Symposium on Visual Computing},
  year={2015},
  organization={Springer}
}
@inproceedings{duan2015feature,
  title={A feature subtraction method for image based kinship verification under uncontrolled environments},
  author={Duan, Xiaodong and Tan, Zheng-Hua},
  booktitle=ICIP,
  year={2015},
  organization={IEEE}
}

@article{xu2016kinship,
  title={Kinship Verification Using Facial Images by Robust Similarity Learning},
  author={Xu, Min and Shang, Yuanyuan},
  journal={Mathematical Problems in Engineering},
  year={2016},
}

@article{zhou2016ensemble,
  title={Ensemble similarity learning for kinship verification from facial images in the wild},
  author={Zhou, Xiuzhuang and Shang, Yuanyuan and Yan, Haibin and Guo, Guodong},
  journal={Information Fusion},
  year={2016},
  publisher={Elsevier}
}

@inproceedings{liu2015inheritable,
  title={Inheritable Fisher vector feature for kinship verification},
  author={Liu, Qingfeng and Puthenputhussery, Ajit and Liu, Chengjun},
  booktitle={Conference on Biometrics Theory, Applications and Systems (BTAS)},
  year={2015},
}

@article{zhang2014talking,
  title={A talking profile to distinguish identical twins},
  author={Zhang, Li and Ma, KengTeck and Nejati, Hossein and Foo, Lewis and Sim, Terence and Guo, Dong},
  journal={Image and Vision Computing},
  year={2014},
  publisher={Elsevier}
}

@inproceedings{1467360, 
author={N. Dalal and B. Triggs}, 
booktitle=CVPR, 
title={Histograms of oriented gradients for human detection},
year={2005}
}

@article{dal2006kin,
  title={Where are kin recognition signals in the human face?},
  author={Dal Martello, Maria F and Maloney, Laurence T},
  journal={Journal of Vision},
  year={2006},
  publisher={The Association for Research in Vision and Ophthalmology}
}
@inproceedings{wu2016kinship,
  title={Kinship verification from faces: Methods, databases and challenges},
  author={Wu, Xiaoting and Boutellaa, Elhocine and Feng, Xiaoyi and Hadid, Abdenour},
  booktitle={Inter. Conference on Signal Processing, Communications and Computing},
  year={2016},
  organization={IEEE}
}
@inproceedings{bottinok2015multi,
  title={A multi-perspective holistic approach to Kinship Verification in the Wild},
  author={Bottinok, Andrea and Islam, Ihtesham Ul and Vieira, Tiago Figueiredo},
  booktitle=FG,
  year={2015},
}
@article{chen2015kinship,
  title={Kinship verification in multi-linear coherent spaces},
  author={Chen, Xiaojing and An, Le and Yang, Songfan and Wu, Weimin},
  journal={Multimedia Tools and Applications},
  year={2015},
  publisher={Springer}
}
@inproceedings{chen2015sparse,
  title={Sparse coding based kinship recognition},
  author={Chen, Yunfei and Hu, Hongwei and Cao, Shujuan and Ma, Bo},
  booktitle={Multimedia Technology IV: Proceedings of the Conference on MM Technology},
  year={2015},
}
@inproceedings{wen2016discriminative,
  title={A discriminative feature learning approach for deep face recognition},
  author={Wen, Yandong and Zhang, Kaipeng and Li, Zhifeng and Qiao, Yu},
  booktitle=ECCV,
  year={2016}
  }
@article{alirezazadeh2015genetic,
  title={A Genetic Algorithm-Based Feature Selection for Kinship Verification},
  author={Alirezazadeh, Pendar and Fathi, Abdolhossein and Abdali-Mohammadi, Fardin},
  journal={IEEE Signal Processing Letters},
  year={2015}
}
@article{ruggiero2001fingerprinting,
  title={Fingerprinting and the Argentine plan for universal identification in the late nineteenth and early twentieth centuries},
  author={Ruggiero, Kristin},
  journal={Documenting Individual Identity. The Development of State Practices in the Modern World},
  year={2001}
}
@inproceedings{robinson2016pre,
  title={Pre-trained D-CNN models for detecting complex events in unconstrained videos},
  author={Robinson, Joseph P and Fu, Yun},
  booktitle={SPIE Commercial+ Scientific Sensing and Imaging},
  year={2016},
  organization={International Society for Optics and Photonics}
}
 @InProceedings{niyogi2004locality,
  author =       {Niyogi, X},
  title =        {Locality preserving projections},
  booktitle =    NIPS,
  year =         {2004}
}
@Article{weinberger2009distance,
  author =  {Weinberger, Kilian Q and Saul, Lawrence K},
  title =   {Distance metric learning for large margin nearest neighbor classification},
  journal = {Journal of Machine Learning Research},
  year =    {2009}
}






@InProceedings{ding2015discriminative,
  author =       {Ding, Zhengming and Suh, Sungjoo and Han, Jae-Joon and Choi, Changkyu and Fu, Yun},
  title =        {Discriminative low-rank metric learning for face recognition},
  booktitle =    FG,
  year =         {2015},
}

@InProceedings{peng2013marginalized,
  author =       {Peng, Yong and Wang, Shen and Lu, Bao-Liang},
  title =        {Marginalized denoising autoencoder via graph regularization for domain adaptation},
  booktitle =    NIPS,
  organization = {Springer}
}
@InProceedings{he2005neighborhood,
  author =       {He, Xiaofei and Cai, Deng and Yan, Shuicheng and Zhang, Hong-Jiang},
  title =        {Neighborhood preserving embedding},
  booktitle =    ICCV,
  year =         {2005},
}
@inproceedings{yang2015automatic,
  title={Automatic 3d facial expression recognition using geometric scattering representation},
  author={Yang, Xudong and Huang, Di and Wang, Yunhong and Chen, Liming},
  booktitle=FG,
  year={2015},
}
@inproceedings{yan2013casme,
  title={CASME database: A dataset of spontaneous micro-expressions collected from neutralized faces},
  author={Yan, Wen-Jing and Wu, Qi and Liu, Yong-Jin and Wang, Su-Jing and Fu, Xiaolan},
  booktitle=FG,
  year={2013},
}
@article{YaleB,
title = {The Extended Yale Face Database B},
journal = {},
author = {Yale},
year = {2001},
url = {http://vision.ucsd.edu/~iskwak/ExtYaleDatabase/ExtYaleB.html}
}
@inproceedings{sim2002cmu,
  title={The CMU pose, illumination, and expression (PIE) database},
  author={Sim, Terence and Baker, Simon and Bsat, Maan},
  booktitle=FG,
  year={2002},
}
@article{phillips2000introduction,
  title={An introduction evaluating biometric systems},
  author={Phillips, P Jonathon and Martin, Alvin and Wilson, Charles L and Przybocki, Mark},
  journal={Computer},
  year={2000},
  publisher={IEEE}
}
@inproceedings{ng2014data,
  title={A data-driven approach to cleaning large face datasets},
  author={Ng, Hong-Wei and Winkler, Stefan},
  booktitle=ICIP,
  year={2014},
  organization={IEEE}
}
@inproceedings{liao2014benchmark,
  title={A benchmark study of large-scale unconstrained face recognition},
  author={Liao, Shengcai and Lei, Zhen and Yi, Dong and Li, Stan Z},
  booktitle=IJCB,
  year={2014},
}
@InProceedings{LencUfi2015,
  author = 	 {L. Lenc and P. Kr\'al},
  title = 	 {Unconstrained {F}acial {I}mages: {D}atabase for Face Recognition under Real-world Conditions},
  booktitle = {Mexican Conference on Artificial Intelligence (MICAI 2015)},
  year = 	 {2015},
  publisher = {Springer}
}

@article{lee2005acquiring,
  title={Acquiring linear subspaces for face recognition under variable lighting},
  author={Lee, Kuang-Chih and Ho, Jeffrey and Kriegman, David J},
  journal=PAMI,
  year={2005}
}

@article{Hochreiter14,
author = {Hochreiter, J. and Han, Z. and Masood, S.Z. and Fonte, S. and Tappen, M.F.},
title = {Exploring Album Structure for Face Recognition in Online Social Networks},
journal = {Image and Vision Computing},
year = {2014},
month = {January},
doi = {10.1016/j.imavis.2014.01.002}
}
@inproceedings{Han13,
author = {Han, Z. and Masood, S.Z. and Hochreiter, J. and Fonte, S. and Tappen, M.F.},
title = {Album-oriented face recognition for online social networks},
Booktitle = FG,
year = {2013},
month={April}
}
@article{Gross2010807,
title = {Multi-PIE},
journal = {Image and Vision Computing},
year = {2010},
note = {Best of Automatic Face and Gesture Recognition 2008},
author = {Ralph Gross and Iain Matthews and Jeffrey Cohn and Takeo Kanade and Simon Baker}
}

@Article{Grgic2011,
author={Grgic, Mislav
and Delac, Kresimir
and Grgic, Sonja},
title={SCface -- surveillance cameras face database},
journal={Multimedia Tools and Applications},
year={2011}
}

@article{bainbridge2013intrinsic,
  title={The intrinsic memorability of face photographs.},
  author={Bainbridge, Wilma A and Isola, Phillip and Oliva, Aude},
  journal={Journal of Experimental Psychology: General},
  year={2013},
  publisher={American Psychological Association}
}

@inproceedings{FIW,
 author = {Robinson, Joseph P. and Shao, Ming and Wu, Yue and Fu, Yun},
 title = {Families in the Wild (FIW): Large-Scale Kinship Image Database and Benchmarks},
 booktitle = ACMM,
 year = {2016}
} 

@article{bottino2012new,
  title={A new problem in face image analysis: finding kinship clues for siblings pairs},
  author={Bottino, Andrea Giuseppe and De Simone, Matteo and Laurentini, Aldo and Vieira, T},
  year={2012},
  publisher={INSTICC},
  booktitle = {Conference on Pattern Recognition Application and Methods}
}
@incollection{vieira2013automatic,
  title={Automatic verification of parent-child pairs from face images},
  author={Vieira, Tiago F and Bottino, Andrea and Islam, Ihtesham Ul},
  booktitle={Progress in Pattern Recognition, Image Analysis, Computer Vision, and Applications},
  year={2013}
}
@article{almuashi2015automated,
  title={Automated kinship verification and identification through human facial images: a survey},
  author={Almuashi, Mohammed and Hashim, Siti Zaiton Mohd and Mohamad, Dzulkifli and Alkawaz, Mohammed Hazim and Ali, Aida},
  journal={Multimedia Tools and Applications},
  year={2015}
}
@inproceedings{Dehghan_2014_CVPR,
 author = {Dehghan, Afshin and Ortiz, Enrique G. and Villegas, Ruben and Shah, Mubarak},
 title = {Who Do I Look Like? Determining Parent-Offspring Resemblance via Gated Autoencoders},
 booktitle = CVPR,
 year = {2014}
} 

@article{xiong2015convolutional,
  title={Convolutional fusion network for face verification in the wild},
  author={Xiong, Chao and Liu, Luoqi and Zhao, Xiaowei and Yan, Shuicheng and Kim, Tae-Kyun},
  year={2015},
  booktitle={Trans. on Circuits and Systems for Video Technology}
}

@inproceedings{zhang12kinship,
	title={Kinship Verification with Deep Convolutional Neural Networks},
	author={Zhang, Kaihao and Huang, Yongzhen and Song, Chunfeng and Wu, Hong and Wang, Liang},
	year={2015},
	booktitle=BMVC,
	}

@article{ZhangCS15,
  author    = {Ziming Zhang, Yuting Chen and Venkatesh Saligrama},
  title     = {Group Membership Prediction},
  journal    = {abs/1509.04783},
  year      = {2015},
}

@article{yan2015prototype,
  title={Prototype-based discriminative feature learning for kinship verification},
  author={Yan, Haibin and Lu, Jiwen and Zhou, Xiuzhuang},
  journal={Trans. on Cybernetics},
  year={2015},
  publisher={IEEE}
}
@inproceedings{zhou2012gabor,
  title={Gabor-based gradient orientation pyramid for kinship verification under uncontrolled environments},
  author={Zhou, Xiuzhuang and Lu, Jiwen and Hu, Junlin and Shang, Yuanyuan},
  booktitle=ACMM,
  year={2012},
}
@article{yan2014discriminative,
  title={Discriminative multimetric learning for kinship verification},
  author={Yan, Haibin and Lu, Jiwen and Deng, Weihong and Zhou, Xiuzhuang},
  journal={Trans. on Information Forensics and Security},
  year={2014},
  publisher={IEEE}
}
@inproceedings{zhou2011kinship,
  title={Kinship verification from facial images under uncontrolled conditions},
  author={Zhou, Xiuzhuang and Hu, Junlin and Lu, Jiwen and Shang, Yuanyuan and Guan, Yong},
  booktitle={Proceedings of the 19th ACM international conference on Multimedia},
  year={2011},
  organization={ACM}
}
@inproceedings{dibeklioglu2013like,
  title={Like father, like son: Facial expression dynamics for kinship verification},
  author={Dibeklioglu, Hamdi and Salah, Albert and Gevers, Theo},
  booktitle=ICCV,
  year={2013}
}
@article{xia2012understanding,
  title={Understanding kin relationships in a photo},
  author={Xia, Siyu and Shao, Ming and Luo, Jiebo and Fu, Yun},
  journal={Trans. on Multimedia},
  year={2012},
  publisher={IEEE}
}
@article{ghahramani2014family,
  title={Family verification based on similarity of individual family member’s facial segments},
  author={Ghahramani, Mohammad and Yau, Wei-Yun and Teoh, Eam Khwang},
  journal={Machine Vision and Applications},
  year={2014},
  publisher={Springer}
}
@INPROCEEDINGS{fang2010towards,
  title={Towards computational models of kinship verification},
  author={Fang, Ruogu and Tang, Kevin D and Snavely, Noah and Chen, Tsuhan},
  booktitle=ICIP,
  year={2010},
  organization={IEEE}
}
@inproceedings{Xia201144,
 author = {Xia, Siyu and Shao, Ming and Fu, Yun},
 title = {Kinship Verification Through Transfer Learning},
 booktitle = IJCAI,
 year = {2011}
} 

@inproceedings{wang2014leveraging,
  title={Leveraging appearance and geometry for kinship verification},
  author={Wang, Xiaolong and Kambhamettu, Chandra},
  booktitle=ICIP,
  year={2014},
  organization={IEEE}
}
@inproceedings{Ming_CVPR11_Genealogical,
author = {M. Shao, S. Xia and Y. Fu},
title = {Genealogical Face Recognition based on UB KinFace Database},
booktitle = CVPRW,
year = {2011}
}
@article{lu2014neighborhood,
  title={Neighborhood repulsed metric learning for kinship verification},
  author={Lu, Jiwen and Zhou, Xiuzhuang and Tan, Yap-Pen and Shang, Yuanyuan and Zhou, Jie},
  journal=PAMI,
  year={2014}
  }
@article{vieira2014detecting,
  title={Detecting siblings in image pairs},
  author={Vieira, Tiago F and Bottino, Andrea and Laurentini, Aldo and De Simone, Matteo},
  journal={The Visual Computer},
  year={2014}
}
@inproceedings{guo2014graph,
  title={Graph-Based Kinship Recognition},
  author={Guo, Yuanhao and Dibeklioglu, Hamdi and van der Maaten, Laurens},
  booktitle=ICPR,
  year={2014}
}
@article{felzenszwalb2010object,
  title={Object detection with discriminatively trained part-based models},
  author={Felzenszwalb, Pedro F and Girshick, Ross B and McAllester, David and Ramanan, Deva},
  journal=PAMI,
  year={2010}
}
@InProceedings{Parkhi15,
  author       = {Parkhi, O. M. and Vedaldi, A. and Zisserman, A.},
  title        = {Deep Face Recognition},
  booktitle    = BMVC,
  year         = {2015}
}
@article{DBLP:journals/corr/GirshickDDM13,
  author    = {Ross B. Girshick and
               Jeff Donahue and
               Trevor Darrell and
               Jitendra Malik},
  title     = {Rich feature hierarchies for accurate object detection and semantic
               segmentation},
  journal = {arXiv:1311.2524},
  year      = {2013}
}
@Article{dlib09,
  author = {Davis E. King},
  title = {Dlib-ml: A Machine Learning Toolkit},
  journal = {Journal of Machine Learning Research},
  year = {2009}
  }
  
@TechReport{LFWTech,
  author =       {Gary B. Huang and Manu Ramesh and Tamara Berg and 
                  Erik Learned-Miller},
  title =        {Labeled Faces in the Wild: A Database for Studying 
                  Face Recognition in Unconstrained Environments},
  institution =  {UMass, Amherst},
  year =         2007,
  }
  

@inproceedings{davis2007information,
  title={Information-theoretic metric learning},
  author={Davis, Jason V and Kulis, Brian and Jain, Prateek and Sra, Suvrit and Dhillon, Inderjit S},
  booktitle=ICML,
  year={2007},
  organization={ACM}
}

@article{lowe2004distinctive,
  title={Distinctive image features from scale-invariant keypoints},
  author={Lowe, David G},
  journal=IJCV,
  year={2004},
  publisher={Springer}
}

@article{ahonen2006face,
  title={Face description with local binary patterns: Application to face recognition},
  author={Ahonen, Timo and Hadid, Abdenour and Pietikainen, Matti},
  journal=PAMI,
  year={2006}
  }

@inproceedings{wolf2011face,
  title={Face recognition in unconstrained videos with matched background similarity},
  author={Wolf, Lior and Hassner, Tal and Maoz, Itay},
  booktitle=CVPR,
  year={2011}
  }

@techreport{huang2007labeled,
  title={Labeled faces in the wild: A database for studying face recognition in unconstrained environments},
  author={Huang, Gary B and Ramesh, Manu and Berg, Tamara and Learned-Miller, Erik},
  year={2007},
  institution={Technical Report 07-49, University of Massachusetts, Amherst}
}

@inproceedings{somanath2012can,
  title={Can faces verify blood-relations?},
  author={Somanath, Gowri and Kambhamettu, Chandra},
  booktitle={Conference on Biometrics: Theory, Applications and Systems (BTAS)},
  year={2012}
  }

@inproceedings{sun2014deep,
  title={Deep learning face representation from predicting 10,000 classes},
  author={Sun, Yi and Wang, Xiaogang and Tang, Xiaoou},
  booktitle=CVPR,
  year={2014}
}
@article{qin2015tri,
  author    = {Xiaoqian Qin and
               Xiaoyang Tan and
               Songcan Chen},
  title     = {Tri-Subject Kinship Verification: Understanding the core of a Family},
 journal = {arXiv:1501.02555},
  year      = {2015}
}
@inproceedings{dehghan2014look,
  title={Who do i look like? determining parent-offspring resemblance via gated autoencoders},
  author={Dehghan, Afshin and Ortiz, Enrique and Villegas, Ruben and Shah, Mubarak},
  booktitle=CVPR,
  year={2014}
}

@inproceedings{schroff2015facenet,
  title={Facenet: A unified embedding for face recognition and clustering},
  author={Schroff, Florian and Kalenichenko, Dmitry and Philbin, James},
  booktitle=CVPR,
  year={2015}
}

@article{jia2014caffe,
  Author = {Jia, Yangqing and Shelhamer, Evan and Donahue, Jeff and Karayev, Sergey and Long, Jonathan and Girshick, Ross and Guadarrama, Sergio and Darrell, Trevor},
  Journal = {arXiv preprint arXiv:1408.5093},
  Title = {Caffe: Convolutional Architecture for Fast Feature Embedding},
  Year = {2014}
}
@article{kou2015learning,
  title={Learning a Genetic Measure for Kinship Verification Using Facial Images},
  author={Kou, Lu and Zhou, Xiuzhuang and Xu, Min and Shang, Yuanyuan},
  journal={Mathematical Problems in Engineering},
  year={2015}
  }
@inproceedings{fang2013kinship,
  title={Kinship Classification by Modeling facial feature heredity},
  author={Fang, Ruogu and Gallagher, Andrew and Chen, Tsuhan and Loui, Alexander},
  booktitle=ICIP,
  year={2013}
  }
@incollection{hu2014large,
  title={Large margin multi-metric learning for face and kinship verification in the wild},
  author={Hu, Junlin and Lu, Jiwen and Yuan, Junsong and Tan, Yap-Peng},
  booktitle=ACCV,
  year={2014}
  }
@inproceedings{lu2015fg,
  title={The fg 2015 kinship verification in the wild evaluation},
  author={Lu, Jiwen and Hu, Junlin and Liong, Venice Erin and Zhou, Xiuzhuang and Bottino, Andrea and Ul Islam, Ihtesham and Figueiredo Vieira, Tiago and Qin, Xiaoqian and Tan, Xiaoyang and Chen, Songcan and others},
  booktitle=FG,
  year={2015},
}
@inproceedings{wolf2014deepface,
  title={Deepface: Closing the gap to human-level performance in face verification},
  author={Wolf, Lior},
  booktitle=CVPR,
  year={2014}
}
@inproceedings{ouyang2015deepid,
  title={Deepid-net: Deformable deep convolutional neural networks for object detection},
  author={Ouyang, Wanli and Wang, Xiaogang and Zeng, Xingyu and Qiu, Shi and Luo, Ping and Tian, Yonglong and Li, Hongsheng and Yang, Shuo and Wang, Zhe and Loy, Chen-Change and others},
  booktitle=CVPR,
  year={2015}
}
@inproceedings{mingaaai2020,
title= {Adversary for Social Good: Protecting Familial Privacy through Joint Adversarial Attacks}, 
author={Kumar, Chetan and Ryan, Riazat and Shao, Mings},
booktitle=AAAI,
year={2020}
}
@article{bailer2006writing,
  title={Writing ImageJ plugins—a tutorial},
  author={Bailer, Werner},
  journal={Upper Austria University of Applied Sciences},
  year={2006}
}

@inproceedings{krizhevsky2012imagenet,
  title={Imagenet classification with deep convolutional neural networks},
  author={Krizhevsky, Alex and Sutskever, Ilya and Hinton, Geoffrey E},
  booktitle=NIPS,
  pages={1097--1105},
  year={2012}
}
@article{russakovsky2015imagenet,
  title={Imagenet large scale visual recognition challenge},
  author={Russakovsky, Olga and Deng, Jia and Su, Hao and Krause, Jonathan and Satheesh, Sanjeev and Ma, Sean and Huang, Zhiheng and Karpathy, Andrej and Khosla, Aditya and Bernstein, Michael and others},
  journal=IJCV,
  year={2015}
  }


@inproceedings{robinson2016families,
  title={Families in the Wild (FIW): Large-Scale Kinship Image Database and Benchmarks},
  author={Robinson, Joseph P and Shao, Ming and Wu, Yue and Fu, Yun},
  booktitle=ACMM,
  year={2016},
}


@article{gao2019will,
  title={What Will Your Child Look Like? DNA-Net: Age and Gender Aware Kin Face Synthesizer},
  author={Gao, Pengyu and Xia, Siyu and Robinson, Joseph and Zhang, Junkang and Xia, Chao and Shao, Ming and Fu, Yun},
  journal={arXiv:1911.07014},
  year={2019}
}

@inproceedings{ertugrul2017will,
  title={What will your future child look like? Modeling and synthesis of hereditary patterns of facial dynamics},
  author={Ertugrul, Itir {\"O}nal and Dibeklioglu, Hamdi},
  booktitle={Conference on FG},
  year={2017},
}

@article{georgopoulos2018modeling,
  title={Modeling of facial aging and kinship: A survey},
  author={Georgopoulos, Markos and Panagakis, Yannis and Pantic, Maja},
  journal={Image and Vision Computing},
  year={2018},
  publisher={Elsevier}
}
@article{qin2019literature,
  title={A literature survey on kinship verification through facial images},
  author={Qin, Xiaoqian and Liu, Dakun and Wang, Dong},
  journal={Neurocomputing},
  year={2019},
  publisher={Elsevier}
}
@inproceedings{robinson2018recognize,
  title={To Recognize Families In the Wild: A Machine Vision Tutorial},
  author={Robinson, Joseph P and Shao, Ming and Fu, Yun},
  booktitle={ACM on Conference on MM},
  year={2018},
}
@inproceedings{wu2016kinship,
  title={Kinship verification from faces: Methods, databases and challenges},
  author={Wu, Xiaoting and Boutellaa, Elhocine and Feng, Xiaoyi and Hadid, Abdenour},
  booktitle={Conference on Signal Processing, Communications and Computing},
  year={2016}
  }

@inproceedings{dawson2018same,
  title={From same photo: Cheating on visual kinship challenges},
  author={Dawson, Mitchell and Zisserman, Andrew and Nell{\aa}ker, Christoffer},
  booktitle=ACCV,
  year={2018}
  }

@inproceedings{wu2016usefulness,
  title={On the usefulness of color for kinship verification from face images},
  author={Wu, Xiaoting and Boutellaa, Elhocine and L{\'o}pez, Miguel Bordallo and Feng, Xiaoyi and Hadid, Abdenour},
  booktitle={Workshop on information forensics and security},
  year={2016}
  }

@article{lopez2016comments,
  title={Comments on the “kinship face in the wild” data sets},
  author={L{\'o}pez, Miguel Bordallo and Boutellaa, Elhocine and Hadid, Abdenour},
  journal=PAMI,
  year={2016}
  }

@article{BREDART1999129,
title = "Do Babies Resemble Their Fathers More Than Their Mothers? A Failure to Replicate Christenfeld and Hill (1995)",
journal = "Evolution and Human Behavior",
year = "1999"
}

@Article{Vieira2014,
author="Vieira, Tiago F.
and Bottino, Andrea
and Laurentini, Aldo
and De Simone, Matteo",
title="Detecting siblings in image pairs",
journal="The Visual Computer",
year="2014"
}


@misc{wu2019audio,
  title={Audio-Visual Kinship Verification in the Wild},
  author={Wu, Xiaoting and Granger, Eric and Kinnunen, Tomi H and Feng, Xiaoyi and Hadid, Abdenour},
  year={2019},
  publisher={ICB}
}

@inproceedings{duan2017advnet,
  title={Advnet: Adversarial contrastive residual net for 1 million kinship recognition},
  author={Duan, Qingyan and Zhang, Lei},
  booktitle=RFIW,
  year={2017}
}


@inproceedings{li2017kinnet,
  title={Kinnet: Fine-to-coarse deep metric learning for kinship verification},
  author={Li, Yong and Zeng, Jiabei and Zhang, Jie and Dai, Anbo and Kan, Meina and Shan, Shiguang and Chen, Xilin},
  booktitle=RFIW,
  year={2017}
}
@inproceedings{nguyen2010cosine,
  title={Cosine similarity metric learning for face verification},
  author={Nguyen, Hieu V and Bai, Li},
  booktitle=ACCV,
  year={2010}
  }
@inproceedings{whitelam2017iarpa,
  title={Iarpa janus benchmark-b face dataset},
  author={Whitelam, Cameron and Taborsky, Emma and Blanton, Austin and Maze, Brianna and Adams, Jocelyn and Miller, Tim and Kalka, Nathan and Jain, Anil K and Duncan, James A and Allen, Kristen and others},
  booktitle=CVPRW,
  year={2017}
}

@inproceedings{Liu_2017_CVPR,
  title = {SphereFace: Deep Hypersphere Embedding for Face Recognition},
  author = {Liu, Weiyang and Wen, Yandong and Yu, Zhiding and Li, Ming and Raj, Bhiksha and Song, Le},
  booktitle = CVPR,
  year = {2017}
}

@article{crosswhite2018template,
  title={Template adaptation for face verification and identification},
  author={Crosswhite, Nate and Byrne, Jeffrey and Stauffer, Chris and Parkhi, Omkar and Cao, Qiong and Zisserman, Andrew},
  journal={Image and Vision Computing},
  year={2018},
  publisher={Elsevier}
}



@inproceedings{ozkan2018kinshipgan,
  title={Kinshipgan: Synthesizing of kinship faces from family photos by regularizing a deep face network},
  author={Ozkan, Savas and Ozkan, Akin},
  booktitle=ICIP,
  year={2018},
  organization={IEEE}
}
@inproceedings{id2,
  title={A Multi-Task Comparator Framework for Kinship Verification},
  author={Hörmann, Stefan and Knoche, Martin and Rigoll, Gerhard},
  booktitle=FGC,
  year={2020}
}


@inproceedings{id3,
  author={Zhipeng, Luo and  Zhiguang, Zhang  and Zhenyu, Xu and Lixuan, Che},
  title={Challenge report-Recognizing Families In the Wild Data Challenge},
  booktitle=FGC,
  year={2020}
}
@inproceedings{id4,
  title={Achieving Better Kinship Recognition Through Better Baseline},
  author={Shadrikov, Andrei},
  booktitle=FGC,
  year={2020}
}
@inproceedings{id5,
  title={Multi-view Deep Features for Robust Facial Kinship Verification},
  author={Laiadi, Oualid and Oumame, Abdelmalik and Benakcha, Abdelhamid  and Taleb-Ahmed, Abdelmalik and Hadid, Abdenour},
  booktitle=FGC,
  year={2020}
}
@inproceedings{id6,
  title={Deep Fusion Siamese Network for Automatic Kinship Verification},
  author={Yu, Jun and Xie, Guochen and Li, Mengyan and Hao, Xinlong},
  booktitle=FGC,
  year={2020}
}
@inproceedings{id8,
  title={Retrieval of Family Members Using Siamese Neural Network},
  author={Yu, Jun and Xie, Guochen and Li, Mengyan and Hao, Xinlong},
  booktitle=FGC,
  year={2020}
}
@inproceedings{id9,
  title={Recognizing Families Through Images},
  author={Nguyen, Tuan-Duy H and Nguyen, Huu-Nghia and Dao, Hieu},
  booktitle=FGC,
  year={2020}
}

@inproceedings{deng2019arcface,
  title={Arcface: Additive angular margin loss for deep face recognition},
  author={Deng, Jiankang and Guo, Jia and Xue, Niannan and Zafeiriou, Stefanos},
  booktitle=CVPR,
  year={2019}
}

@inproceedings{cao2018vggface2,
  title={Vggface2: A dataset for recognising faces across pose and age},
  author={Cao, Qiong and Shen, Li and Xie, Weidi and Parkhi, Omkar M and Zisserman, Andrew},
  booktitle=FG,
  year={2018},
  organization={IEEE}
}

@article{iandola2016squeezenet,
  title={SqueezeNet: AlexNet-level accuracy with 50x fewer parameters and< 0.5 MB model size},
  author={Iandola, Forrest N and Han, Song and Moskewicz, Matthew W and Ashraf, Khalid and Dally, William J and Keutzer, Kurt},
  journal={arXiv:1602.07360},
  year={2016}
}

@inproceedings{guo2016ms,
  title={Ms-celeb-1m: A dataset and benchmark for large-scale face recognition},
  author={Guo, Yandong and Zhang, Lei and Hu, Yuxiao and He, Xiaodong and Gao, Jianfeng},
  booktitle=ECCV,
  year={2016}
}